<?xml version="1.0" encoding="UTF-8"?>
<marc:collection xmlns:xsi="http://www.w3.org/2001/XMLSchema-instance"
                 xmlns:fn="http://www.w3.org/2005/xpath-functions"
                 xmlns:marc="http://www.loc.gov/MARC21/slim"
                 xmlns:mads="http://www.loc.gov/mads/v2"
                 xmlns:fs="http://www.lib.fsu.edu"
                 xsi:schemaLocation="http://www.loc.gov/MARC21/slim http://www.loc.gov/standards/marcxml/schema/MARC21slim.xsd">
   <marc:record>
      <marc:leader>     nam  22     Ki 4500</marc:leader>
      <marc:controlfield tag="008">100318n| acannaabn          |n aaa     c</marc:controlfield>
      <marc:datafield tag="040" ind1=" " ind2=" ">
         <marc:subfield code="a">FTaSU</marc:subfield>
         <marc:subfield code="b">eng</marc:subfield>
         <marc:subfield code="c">FTaSU</marc:subfield>
      </marc:datafield>
      <marc:datafield tag="100" ind1="1" ind2=" ">
         <marc:subfield code="a">Abdullah, Tawheedah Bint Uthman</marc:subfield>
      </marc:datafield>
      <marc:datafield tag="670" ind1=" " ind2=" ">
         <marc:subfield code="a">Beyond the Notes and Rests :: A Study of African American High School Students' Musical Experiences, Preferences, and Perceptions / 2021.:</marc:subfield>
         <marc:subfield code="b">t.p. (Beyond the Notes and Rests :)</marc:subfield>
      </marc:datafield>
   </marc:record>