
   <marc:record>
      <marc:leader>     nam  22     Ki 4500</marc:leader>
      <marc:controlfield tag="008">100318n| acannaabn          |n aaa     c</marc:controlfield>
      <marc:datafield tag="040" ind1=" " ind2=" ">
         <marc:subfield code="a">FTaSU</marc:subfield>
         <marc:subfield code="b">eng</marc:subfield>
         <marc:subfield code="c">FTaSU</marc:subfield>
      </marc:datafield>
      <marc:datafield tag="100" ind1="1" ind2=" ">
         <marc:subfield code="a">Almirall Nieves, Andrés José</marc:subfield>
      </marc:datafield>
      <marc:datafield tag="670" ind1=" " ind2=" ">
         <marc:subfield code="a">It's More than a Game, It's an Experience :: Eudaimonic Storytelling in the Music of Art Games / 2021.:</marc:subfield>
         <marc:subfield code="b">t.p. (It's More than a Game, It's an Experience :)</marc:subfield>
      </marc:datafield>
   </marc:record>