
   <marc:record>
      <marc:leader>     nam  22     Ki 4500</marc:leader>
      <marc:controlfield tag="008">100318n| acannaabn          |n aaa     c</marc:controlfield>
      <marc:datafield tag="040" ind1=" " ind2=" ">
         <marc:subfield code="a">FTaSU</marc:subfield>
         <marc:subfield code="b">eng</marc:subfield>
         <marc:subfield code="c">FTaSU</marc:subfield>
      </marc:datafield>
      <marc:datafield tag="100" ind1="1" ind2=" ">
         <marc:subfield code="a">Almuntshry, Nawwaf Awad</marc:subfield>
      </marc:datafield>
      <marc:datafield tag="670" ind1=" " ind2=" ">
         <marc:subfield code="a">Structural Evolution of the Mulberry Recess Eastern Blue Ridge-Talladega :: Northwest Georgia Appalachians / 2020.:</marc:subfield>
         <marc:subfield code="b">t.p. (Structural Evolution of the Mulberry Recess Eastern Blue Ridge-Talladega :)</marc:subfield>
      </marc:datafield>
   </marc:record>