
   <marc:record>
      <marc:leader>     nam  22     Ki 4500</marc:leader>
      <marc:controlfield tag="008">100318n| acannaabn          |n aaa     c</marc:controlfield>
      <marc:datafield tag="040" ind1=" " ind2=" ">
         <marc:subfield code="a">FTaSU</marc:subfield>
         <marc:subfield code="b">eng</marc:subfield>
         <marc:subfield code="c">FTaSU</marc:subfield>
      </marc:datafield>
      <marc:datafield tag="100" ind1="1" ind2=" ">
         <marc:subfield code="a">Alsalmi, Hany Mohsen H.</marc:subfield>
      </marc:datafield>
      <marc:datafield tag="670" ind1=" " ind2=" ">
         <marc:subfield code="a">Information-Seeking Behavior in Multilingual Digital Libraries :: A Study of the Saudi Digital Library / 2021.:</marc:subfield>
         <marc:subfield code="b">t.p. (Information-Seeking Behavior in Multilingual Digital Libraries :)</marc:subfield>
      </marc:datafield>
   </marc:record>