
   <marc:record>
      <marc:leader>     nam  22     Ki 4500</marc:leader>
      <marc:controlfield tag="008">100318n| acannaabn          |n aaa     c</marc:controlfield>
      <marc:datafield tag="040" ind1=" " ind2=" ">
         <marc:subfield code="a">FTaSU</marc:subfield>
         <marc:subfield code="b">eng</marc:subfield>
         <marc:subfield code="c">FTaSU</marc:subfield>
      </marc:datafield>
      <marc:datafield tag="100" ind1="1" ind2=" ">
         <marc:subfield code="a">Angulo, Giancarlo P.</marc:subfield>
         <marc:subfield code="q">(Giancarlo Paolo)</marc:subfield>
      </marc:datafield>
      <marc:datafield tag="670" ind1=" " ind2=" ">
         <marc:subfield code="a">Pockets Full of Piety :: A Socio-Economic Analysis of Sectarianism in the Dead Sea Scrolls / 2021.:</marc:subfield>
         <marc:subfield code="b">t.p. (Pockets Full of Piety :)</marc:subfield>
      </marc:datafield>
   </marc:record>