
   <marc:record>
      <marc:leader>     nam  22     Ki 4500</marc:leader>
      <marc:controlfield tag="008">100318n| acannaabn          |n aaa     c</marc:controlfield>
      <marc:datafield tag="040" ind1=" " ind2=" ">
         <marc:subfield code="a">FTaSU</marc:subfield>
         <marc:subfield code="b">eng</marc:subfield>
         <marc:subfield code="c">FTaSU</marc:subfield>
      </marc:datafield>
      <marc:datafield tag="100" ind1="1" ind2=" ">
         <marc:subfield code="a">Baldrick-Morrone, Tara A.</marc:subfield>
         <marc:subfield code="q">(Tara Ashley)</marc:subfield>
      </marc:datafield>
      <marc:datafield tag="670" ind1=" " ind2=" ">
         <marc:subfield code="a">Let‘s Not Retell This Myth about the History of the Thing :: The Impact of John T. Noonan, Jr.‘s Grand Narrative on the American Abortion Debate / 2020.:</marc:subfield>
         <marc:subfield code="b">t.p. (Let‘s Not Retell This Myth about the History of the Thing :)</marc:subfield>
      </marc:datafield>
   </marc:record>