
   <marc:record>
      <marc:leader>     nam  22     Ki 4500</marc:leader>
      <marc:controlfield tag="008">100318n| acannaabn          |n aaa     c</marc:controlfield>
      <marc:datafield tag="040" ind1=" " ind2=" ">
         <marc:subfield code="a">FTaSU</marc:subfield>
         <marc:subfield code="b">eng</marc:subfield>
         <marc:subfield code="c">FTaSU</marc:subfield>
      </marc:datafield>
      <marc:datafield tag="100" ind1="1" ind2=" ">
         <marc:subfield code="a">Burris, Gregory David</marc:subfield>
      </marc:datafield>
      <marc:datafield tag="670" ind1=" " ind2=" ">
         <marc:subfield code="a">Between Proxy and Instrument :: Reconstructing Past Weather Using Qualitative Human Observations in the Absence of Instrumental and Proxy Records: A Case Study from Shirley Plantation, Virginia USA / 2021.:</marc:subfield>
         <marc:subfield code="b">t.p. (Between Proxy and Instrument :)</marc:subfield>
      </marc:datafield>
   </marc:record>