
   <marc:record>
      <marc:leader>     nam  22     Ki 4500</marc:leader>
      <marc:controlfield tag="008">100318n| acannaabn          |n aaa     c</marc:controlfield>
      <marc:datafield tag="040" ind1=" " ind2=" ">
         <marc:subfield code="a">FTaSU</marc:subfield>
         <marc:subfield code="b">eng</marc:subfield>
         <marc:subfield code="c">FTaSU</marc:subfield>
      </marc:datafield>
      <marc:datafield tag="100" ind1="1" ind2=" ">
         <marc:subfield code="a">Dieciuc, Michael</marc:subfield>
      </marc:datafield>
      <marc:datafield tag="670" ind1=" " ind2=" ">
         <marc:subfield code="a">Thinking Serial or Thinking Parallel? ::  A Process Oriented Exploration of Dual-Process
         Theories / 2020.:</marc:subfield>
         <marc:subfield code="b">t.p. (Thinking Serial or Thinking Parallel? :)</marc:subfield>
      </marc:datafield>
   </marc:record>