
   <marc:record>
      <marc:leader>     nam  22     Ki 4500</marc:leader>
      <marc:controlfield tag="008">100318n| acannaabn          |n aaa     c</marc:controlfield>
      <marc:datafield tag="040" ind1=" " ind2=" ">
         <marc:subfield code="a">FTaSU</marc:subfield>
         <marc:subfield code="b">eng</marc:subfield>
         <marc:subfield code="c">FTaSU</marc:subfield>
      </marc:datafield>
      <marc:datafield tag="100" ind1="1" ind2=" ">
         <marc:subfield code="a">Eastham, Patrick S.</marc:subfield>
      </marc:datafield>
      <marc:datafield tag="670" ind1=" " ind2=" ">
         <marc:subfield code="a">A Novel Model for Precipitation Reactions in Microfluidic Devices or, a Unified
         Framework for Coupling Phase-Change Chemistry and Fluid-Structure Interaction in Low
         Reynolds Number Flows / 2020.:</marc:subfield>
         <marc:subfield code="b">t.p. (A Novel Model for Precipitation Reactions in Microfluidic Devices or, a Unified
         Framework for Coupling Phase-Change Chemistry and Fluid-Structure Interaction in Low
         Reynolds Number Flows /)</marc:subfield>
      </marc:datafield>
   </marc:record>