
   <marc:record>
      <marc:leader>     nam  22     Ki 4500</marc:leader>
      <marc:controlfield tag="008">100318n| acannaabn          |n aaa     c</marc:controlfield>
      <marc:datafield tag="040" ind1=" " ind2=" ">
         <marc:subfield code="a">FTaSU</marc:subfield>
         <marc:subfield code="b">eng</marc:subfield>
         <marc:subfield code="c">FTaSU</marc:subfield>
      </marc:datafield>
      <marc:datafield tag="100" ind1="1" ind2=" ">
         <marc:subfield code="a">Eke, James E.</marc:subfield>
      </marc:datafield>
      <marc:datafield tag="670" ind1=" " ind2=" ">
         <marc:subfield code="a">Geology of the Mountville 7.5' Quadrangle, Georgia and Preliminary Investigation of the
         ‘Odessadale' Granite Gneiss of the Opelika Group / 2020.:</marc:subfield>
         <marc:subfield code="b">t.p. (Geology of the Mountville 7.5' Quadrangle, Georgia and Preliminary Investigation of the
         ‘Odessadale' Granite Gneiss of the Opelika Group /)</marc:subfield>
      </marc:datafield>
   </marc:record>