
   <marc:record>
      <marc:leader>     nam  22     Ki 4500</marc:leader>
      <marc:controlfield tag="008">100318n| acannaabn          |n aaa     c</marc:controlfield>
      <marc:datafield tag="040" ind1=" " ind2=" ">
         <marc:subfield code="a">FTaSU</marc:subfield>
         <marc:subfield code="b">eng</marc:subfield>
         <marc:subfield code="c">FTaSU</marc:subfield>
      </marc:datafield>
      <marc:datafield tag="100" ind1="1" ind2=" ">
         <marc:subfield code="a">Gipson, Stephanie Denice</marc:subfield>
      </marc:datafield>
      <marc:datafield tag="670" ind1=" " ind2=" ">
         <marc:subfield code="a">Serum Lycopene Concentration Is an Independent Predictor of Cardiovascular Disease
         Risk :: Data from NHANES 2003-2006 / 2020.:</marc:subfield>
         <marc:subfield code="b">t.p. (Serum Lycopene Concentration Is an Independent Predictor of Cardiovascular Disease
         Risk :)</marc:subfield>
      </marc:datafield>
   </marc:record>