
   <marc:record>
      <marc:leader>     nam  22     Ki 4500</marc:leader>
      <marc:controlfield tag="008">100318n| acannaabn          |n aaa     c</marc:controlfield>
      <marc:datafield tag="040" ind1=" " ind2=" ">
         <marc:subfield code="a">FTaSU</marc:subfield>
         <marc:subfield code="b">eng</marc:subfield>
         <marc:subfield code="c">FTaSU</marc:subfield>
      </marc:datafield>
      <marc:datafield tag="100" ind1="1" ind2=" ">
         <marc:subfield code="a">Godin, Eric E.</marc:subfield>
      </marc:datafield>
      <marc:datafield tag="670" ind1=" " ind2=" ">
         <marc:subfield code="a">The Adoption of State Performance-Based Funding Policies in Higher Education :: A Comparison of 1.0 and 2.0 Policies / 2020.:</marc:subfield>
         <marc:subfield code="b">t.p. (The Adoption of State Performance-Based Funding Policies in Higher Education :)</marc:subfield>
      </marc:datafield>
   </marc:record>