
   <marc:record>
      <marc:leader>     nam  22     Ki 4500</marc:leader>
      <marc:controlfield tag="008">100318n| acannaabn          |n aaa     c</marc:controlfield>
      <marc:datafield tag="040" ind1=" " ind2=" ">
         <marc:subfield code="a">FTaSU</marc:subfield>
         <marc:subfield code="b">eng</marc:subfield>
         <marc:subfield code="c">FTaSU</marc:subfield>
      </marc:datafield>
      <marc:datafield tag="100" ind1="1" ind2=" ">
         <marc:subfield code="a">Hamm, Ellyn Louise</marc:subfield>
      </marc:datafield>
      <marc:datafield tag="670" ind1=" " ind2=" ">
         <marc:subfield code="a">A Descriptive Analysis of Clinical Practice Implementing the Multimodal Neurologic
         Enhancement Music Therapy Intervention and Follow-Up at Age Two of Preterm Infants Provided
         the Music Therapy Intervention during NICU Hospitalization / 2020.:</marc:subfield>
         <marc:subfield code="b">t.p. (A Descriptive Analysis of Clinical Practice Implementing the Multimodal Neurologic
         Enhancement Music Therapy Intervention and Follow-Up at Age Two of Preterm Infants Provided
         the Music Therapy Intervention during NICU Hospitalization /)</marc:subfield>
      </marc:datafield>
   </marc:record>