
   <marc:record>
      <marc:leader>     nam  22     Ki 4500</marc:leader>
      <marc:controlfield tag="008">100318n| acannaabn          |n aaa     c</marc:controlfield>
      <marc:datafield tag="040" ind1=" " ind2=" ">
         <marc:subfield code="a">FTaSU</marc:subfield>
         <marc:subfield code="b">eng</marc:subfield>
         <marc:subfield code="c">FTaSU</marc:subfield>
      </marc:datafield>
      <marc:datafield tag="100" ind1="1" ind2=" ">
         <marc:subfield code="a">Ingrim, Nathan M.</marc:subfield>
         <marc:subfield code="q">(Nathan Michael)</marc:subfield>
      </marc:datafield>
      <marc:datafield tag="670" ind1=" " ind2=" ">
         <marc:subfield code="a">A Modern Oboist's Guide to Cadenza Composition, in the Classical Style, for Concerto in
         C. K 314 (285d) by W. A. Mozart / 2020.:</marc:subfield>
         <marc:subfield code="b">t.p. (A Modern Oboist's Guide to Cadenza Composition, in the Classical Style, for Concerto in
         C. K 314 (285d) by W. A. Mozart /)</marc:subfield>
      </marc:datafield>
   </marc:record>