
   <marc:record>
      <marc:leader>     nam  22     Ki 4500</marc:leader>
      <marc:controlfield tag="008">100318n| acannaabn          |n aaa     c</marc:controlfield>
      <marc:datafield tag="040" ind1=" " ind2=" ">
         <marc:subfield code="a">FTaSU</marc:subfield>
         <marc:subfield code="b">eng</marc:subfield>
         <marc:subfield code="c">FTaSU</marc:subfield>
      </marc:datafield>
      <marc:datafield tag="100" ind1="1" ind2=" ">
         <marc:subfield code="a">Jordan, Samantha L.</marc:subfield>
         <marc:subfield code="q">(Samantha Louise)</marc:subfield>
      </marc:datafield>
      <marc:datafield tag="670" ind1=" " ind2=" ">
         <marc:subfield code="a">Politics Got You down? ::  Intraindividual Variability in Perceptions of Organizational
         Politics and Unmet Motivational Strivings at Work / 2021.:</marc:subfield>
         <marc:subfield code="b">t.p. (Politics Got You down? :)</marc:subfield>
      </marc:datafield>
   </marc:record>