
   <marc:record>
      <marc:leader>     nam  22     Ki 4500</marc:leader>
      <marc:controlfield tag="008">100318n| acannaabn          |n aaa     c</marc:controlfield>
      <marc:datafield tag="040" ind1=" " ind2=" ">
         <marc:subfield code="a">FTaSU</marc:subfield>
         <marc:subfield code="b">eng</marc:subfield>
         <marc:subfield code="c">FTaSU</marc:subfield>
      </marc:datafield>
      <marc:datafield tag="100" ind1="1" ind2=" ">
         <marc:subfield code="a">Kongpakpaisarn, Thaya</marc:subfield>
      </marc:datafield>
      <marc:datafield tag="670" ind1=" " ind2=" ">
         <marc:subfield code="a">Decoding Technical Difficulties in Ravel's Gaspard De La Nuit (1908) through the
         Injury-Preventive Technique, the Taubman Approach / 2020.:</marc:subfield>
         <marc:subfield code="b">t.p. (Decoding Technical Difficulties in Ravel's Gaspard De La Nuit (1908) through the
         Injury-Preventive Technique, the Taubman Approach /)</marc:subfield>
      </marc:datafield>
   </marc:record>