
   <marc:record>
      <marc:leader>     nam  22     Ki 4500</marc:leader>
      <marc:controlfield tag="008">100318n| acannaabn          |n aaa     c</marc:controlfield>
      <marc:datafield tag="040" ind1=" " ind2=" ">
         <marc:subfield code="a">FTaSU</marc:subfield>
         <marc:subfield code="b">eng</marc:subfield>
         <marc:subfield code="c">FTaSU</marc:subfield>
      </marc:datafield>
      <marc:datafield tag="100" ind1="1" ind2=" ">
         <marc:subfield code="a">Li, Jiang</marc:subfield>
      </marc:datafield>
      <marc:datafield tag="670" ind1=" " ind2=" ">
         <marc:subfield code="a">Promising Methods for Improving the Thermoelectric Properties of Carbon
         Nanotube/Insulating Polymer Composites / 2021.:</marc:subfield>
         <marc:subfield code="b">t.p. (Promising Methods for Improving the Thermoelectric Properties of Carbon
         Nanotube/Insulating Polymer Composites /)</marc:subfield>
      </marc:datafield>
   </marc:record>