
   <marc:record>
      <marc:leader>     nam  22     Ki 4500</marc:leader>
      <marc:controlfield tag="008">100318n| acannaabn          |n aaa     c</marc:controlfield>
      <marc:datafield tag="040" ind1=" " ind2=" ">
         <marc:subfield code="a">FTaSU</marc:subfield>
         <marc:subfield code="b">eng</marc:subfield>
         <marc:subfield code="c">FTaSU</marc:subfield>
      </marc:datafield>
      <marc:datafield tag="100" ind1="1" ind2=" ">
         <marc:subfield code="a">Martin, Sandro P.</marc:subfield>
      </marc:datafield>
      <marc:datafield tag="670" ind1=" " ind2=" ">
         <marc:subfield code="a">Modeling and Control of a Solid-State Transformer with Small Passive Components for DC
         Grid Applications / 2020.:</marc:subfield>
         <marc:subfield code="b">t.p. (Modeling and Control of a Solid-State Transformer with Small Passive Components for DC
         Grid Applications /)</marc:subfield>
      </marc:datafield>
   </marc:record>