
   <marc:record>
      <marc:leader>     nam  22     Ki 4500</marc:leader>
      <marc:controlfield tag="008">100318n| acannaabn          |n aaa     c</marc:controlfield>
      <marc:datafield tag="040" ind1=" " ind2=" ">
         <marc:subfield code="a">FTaSU</marc:subfield>
         <marc:subfield code="b">eng</marc:subfield>
         <marc:subfield code="c">FTaSU</marc:subfield>
      </marc:datafield>
      <marc:datafield tag="100" ind1="1" ind2=" ">
         <marc:subfield code="a">Meeks, Brandon M.</marc:subfield>
         <marc:subfield code="q">(Brandon Michael)</marc:subfield>
      </marc:datafield>
      <marc:datafield tag="670" ind1=" " ind2=" ">
         <marc:subfield code="a">An Investigation into the Effect of Music/Visual Effect-Based Classification on Band
         Placements at North Carolina Bandmasters Association Marching Band Competitions / 2021.:</marc:subfield>
         <marc:subfield code="b">t.p. (An Investigation into the Effect of Music/Visual Effect-Based Classification on Band
         Placements at North Carolina Bandmasters Association Marching Band Competitions /)</marc:subfield>
      </marc:datafield>
   </marc:record>