
   <marc:record>
      <marc:leader>     nam  22     Ki 4500</marc:leader>
      <marc:controlfield tag="008">100318n| acannaabn          |n aaa     c</marc:controlfield>
      <marc:datafield tag="040" ind1=" " ind2=" ">
         <marc:subfield code="a">FTaSU</marc:subfield>
         <marc:subfield code="b">eng</marc:subfield>
         <marc:subfield code="c">FTaSU</marc:subfield>
      </marc:datafield>
      <marc:datafield tag="100" ind1="1" ind2=" ">
         <marc:subfield code="a">Menendez Santiago, Hiram G.</marc:subfield>
         <marc:subfield code="q">(Hiram Gabriel)</marc:subfield>
      </marc:datafield>
      <marc:datafield tag="670" ind1=" " ind2=" ">
         <marc:subfield code="a">Angular Distributions, Polarization Observables, Spin Density Matrices and Statistical
         Tensors in Photoproduction of Two Pseudoscalar Mesons off a Nucleon / 2020.:</marc:subfield>
         <marc:subfield code="b">t.p. (Angular Distributions, Polarization Observables, Spin Density Matrices and Statistical
         Tensors in Photoproduction of Two Pseudoscalar Mesons off a Nucleon /)</marc:subfield>
      </marc:datafield>
   </marc:record>