
   <marc:record>
      <marc:leader>     nam  22     Ki 4500</marc:leader>
      <marc:controlfield tag="008">100318n| acannaabn          |n aaa     c</marc:controlfield>
      <marc:datafield tag="040" ind1=" " ind2=" ">
         <marc:subfield code="a">FTaSU</marc:subfield>
         <marc:subfield code="b">eng</marc:subfield>
         <marc:subfield code="c">FTaSU</marc:subfield>
      </marc:datafield>
      <marc:datafield tag="100" ind1="1" ind2=" ">
         <marc:subfield code="a">Meriwether, LaFarin Renee</marc:subfield>
         <marc:subfield code="q">(Lafarin R.)</marc:subfield>
      </marc:datafield>
      <marc:datafield tag="670" ind1=" " ind2=" ">
         <marc:subfield code="a">I See You, Sis :: Identity Development of Black Undergraduate Women at an HBCU and a PWI / 2020.:</marc:subfield>
         <marc:subfield code="b">t.p. (I See You, Sis :)</marc:subfield>
      </marc:datafield>
   </marc:record>