
   <marc:record>
      <marc:leader>     nam  22     Ki 4500</marc:leader>
      <marc:controlfield tag="008">100318n| acannaabn          |n aaa     c</marc:controlfield>
      <marc:datafield tag="040" ind1=" " ind2=" ">
         <marc:subfield code="a">FTaSU</marc:subfield>
         <marc:subfield code="b">eng</marc:subfield>
         <marc:subfield code="c">FTaSU</marc:subfield>
      </marc:datafield>
      <marc:datafield tag="100" ind1="1" ind2=" ">
         <marc:subfield code="a">Middleton, Melvin S.</marc:subfield>
         <marc:subfield code="q">(Melvin Smith)</marc:subfield>
         <marc:subfield code="c">Jr.</marc:subfield>
      </marc:datafield>
      <marc:datafield tag="670" ind1=" " ind2=" ">
         <marc:subfield code="a">The Lion Speaks :: Utilizing Narrative Inquiry as a Tool to Illuminate the Stories of Black Men Who Lead Black Male Initiatives / 2021.:</marc:subfield>
         <marc:subfield code="b">t.p. (The Lion Speaks :)</marc:subfield>
      </marc:datafield>
   </marc:record>