
   <marc:record>
      <marc:leader>     nam  22     Ki 4500</marc:leader>
      <marc:controlfield tag="008">100318n| acannaabn          |n aaa     c</marc:controlfield>
      <marc:datafield tag="040" ind1=" " ind2=" ">
         <marc:subfield code="a">FTaSU</marc:subfield>
         <marc:subfield code="b">eng</marc:subfield>
         <marc:subfield code="c">FTaSU</marc:subfield>
      </marc:datafield>
      <marc:datafield tag="100" ind1="1" ind2=" ">
         <marc:subfield code="a">Osne, Peter</marc:subfield>
      </marc:datafield>
      <marc:datafield tag="670" ind1=" " ind2=" ">
         <marc:subfield code="a">Les quartiers immondes d'Haïti  :: L'image du bidonville Haïtien dans l'œuvre romanesque de Lyonel Trouillot = Relegated Neighborhoods in Haiti: The Representation of Haitian Slums in the Novels of Lyonel Trouillot / 2020.:</marc:subfield>
         <marc:subfield code="b">t.p. (Les quartiers immondes d'Haïti  :)</marc:subfield>
      </marc:datafield>
   </marc:record>