
   <marc:record>
      <marc:leader>     nam  22     Ki 4500</marc:leader>
      <marc:controlfield tag="008">100318n| acannaabn          |n aaa     c</marc:controlfield>
      <marc:datafield tag="040" ind1=" " ind2=" ">
         <marc:subfield code="a">FTaSU</marc:subfield>
         <marc:subfield code="b">eng</marc:subfield>
         <marc:subfield code="c">FTaSU</marc:subfield>
      </marc:datafield>
      <marc:datafield tag="100" ind1="1" ind2=" ">
         <marc:subfield code="a">Romeis-Markham, Rebecca L.</marc:subfield>
         <marc:subfield code="q">(Rebecca Lynn)</marc:subfield>
      </marc:datafield>
      <marc:datafield tag="670" ind1=" " ind2=" ">
         <marc:subfield code="a">Still Waiting :: The Experience of Parents on a Child Development Center's Waitlist / 2021.:</marc:subfield>
         <marc:subfield code="b">t.p. (Still Waiting :)</marc:subfield>
      </marc:datafield>
   </marc:record>