
   <marc:record>
      <marc:leader>     nam  22     Ki 4500</marc:leader>
      <marc:controlfield tag="008">100318n| acannaabn          |n aaa     c</marc:controlfield>
      <marc:datafield tag="040" ind1=" " ind2=" ">
         <marc:subfield code="a">FTaSU</marc:subfield>
         <marc:subfield code="b">eng</marc:subfield>
         <marc:subfield code="c">FTaSU</marc:subfield>
      </marc:datafield>
      <marc:datafield tag="100" ind1="1" ind2=" ">
         <marc:subfield code="a">Shropshire, Taylor A.</marc:subfield>
      </marc:datafield>
      <marc:datafield tag="670" ind1=" " ind2=" ">
         <marc:subfield code="a">Modeling Pelagic Ecosystems and Larval Atlantic Bluefin Tuna Dynamics in the Gulf of
         Mexico under Current and Future Climate Conditions / 2020.:</marc:subfield>
         <marc:subfield code="b">t.p. (Modeling Pelagic Ecosystems and Larval Atlantic Bluefin Tuna Dynamics in the Gulf of
         Mexico under Current and Future Climate Conditions /)</marc:subfield>
      </marc:datafield>
   </marc:record>