
   <marc:record>
      <marc:leader>     nam  22     Ki 4500</marc:leader>
      <marc:controlfield tag="008">100318n| acannaabn          |n aaa     c</marc:controlfield>
      <marc:datafield tag="040" ind1=" " ind2=" ">
         <marc:subfield code="a">FTaSU</marc:subfield>
         <marc:subfield code="b">eng</marc:subfield>
         <marc:subfield code="c">FTaSU</marc:subfield>
      </marc:datafield>
      <marc:datafield tag="100" ind1="1" ind2=" ">
         <marc:subfield code="a">Soerfass, Harley</marc:subfield>
      </marc:datafield>
      <marc:datafield tag="670" ind1=" " ind2=" ">
         <marc:subfield code="a">An Examination of Soil Cores and Environmental Reconstruction of the Pumpkin Key Shell
         Bearing Site (8Cr25) in the Ten-Thousand Islands Region of Southwest Florida / 2021.:</marc:subfield>
         <marc:subfield code="b">t.p. (An Examination of Soil Cores and Environmental Reconstruction of the Pumpkin Key Shell
         Bearing Site (8Cr25) in the Ten-Thousand Islands Region of Southwest Florida /)</marc:subfield>
      </marc:datafield>
   </marc:record>