
   <marc:record>
      <marc:leader>     nam  22     Ki 4500</marc:leader>
      <marc:controlfield tag="008">100318n| acannaabn          |n aaa     c</marc:controlfield>
      <marc:datafield tag="040" ind1=" " ind2=" ">
         <marc:subfield code="a">FTaSU</marc:subfield>
         <marc:subfield code="b">eng</marc:subfield>
         <marc:subfield code="c">FTaSU</marc:subfield>
      </marc:datafield>
      <marc:datafield tag="100" ind1="1" ind2=" ">
         <marc:subfield code="a">Turk, Rebecca Rose</marc:subfield>
      </marc:datafield>
      <marc:datafield tag="670" ind1=" " ind2=" ">
         <marc:subfield code="a">Contributing Factors of Second Language Pronunciation Goals :: The Influence of Second Language Testing, Speaking Goals, and Speaking Beliefs of English Language Learners at Intensive English Programs / 2020.:</marc:subfield>
         <marc:subfield code="b">t.p. (Contributing Factors of Second Language Pronunciation Goals :)</marc:subfield>
      </marc:datafield>
   </marc:record>