
   <marc:record>
      <marc:leader>     nam  22     Ki 4500</marc:leader>
      <marc:controlfield tag="008">100318n| acannaabn          |n aaa     c</marc:controlfield>
      <marc:datafield tag="040" ind1=" " ind2=" ">
         <marc:subfield code="a">FTaSU</marc:subfield>
         <marc:subfield code="b">eng</marc:subfield>
         <marc:subfield code="c">FTaSU</marc:subfield>
      </marc:datafield>
      <marc:datafield tag="100" ind1="1" ind2=" ">
         <marc:subfield code="a">Wong, Carlos A.</marc:subfield>
         <marc:subfield code="q">(Carlos Alexander)</marc:subfield>
      </marc:datafield>
      <marc:datafield tag="670" ind1=" " ind2=" ">
         <marc:subfield code="a">An Adaptable Signal Interface to Enable a Fault Management Development Process for a
         Medium Voltage DC Microgrid / 2020.:</marc:subfield>
         <marc:subfield code="b">t.p. (An Adaptable Signal Interface to Enable a Fault Management Development Process for a
         Medium Voltage DC Microgrid /)</marc:subfield>
      </marc:datafield>
   </marc:record>