
   <marc:record>
      <marc:leader>     nam  22     Ki 4500</marc:leader>
      <marc:controlfield tag="008">100318n| acannaabn          |n aaa     c</marc:controlfield>
      <marc:datafield tag="040" ind1=" " ind2=" ">
         <marc:subfield code="a">FTaSU</marc:subfield>
         <marc:subfield code="b">eng</marc:subfield>
         <marc:subfield code="c">FTaSU</marc:subfield>
      </marc:datafield>
      <marc:datafield tag="100" ind1="1" ind2=" ">
         <marc:subfield code="a">Zaffran, Valerie D.</marc:subfield>
         <marc:subfield code="q">(Valerie Danielle)</marc:subfield>
      </marc:datafield>
      <marc:datafield tag="670" ind1=" " ind2=" ">
         <marc:subfield code="a">Role of Glycosylation in Immunoreactivity of Major Cashew (Anacardium occidentale L.)
         Allergen, Ana O 1 / 2020.:</marc:subfield>
         <marc:subfield code="b">t.p. (Role of Glycosylation in Immunoreactivity of Major Cashew (Anacardium occidentale L.)
         Allergen, Ana O 1 /)</marc:subfield>
      </marc:datafield>
   </marc:record>