
   <marc:record>
      <marc:leader>     nam  22     Ki 4500</marc:leader>
      <marc:controlfield tag="008">100318n| acannaabn          |n aaa     c</marc:controlfield>
      <marc:datafield tag="040" ind1=" " ind2=" ">
         <marc:subfield code="a">FTaSU</marc:subfield>
         <marc:subfield code="b">eng</marc:subfield>
         <marc:subfield code="c">FTaSU</marc:subfield>
      </marc:datafield>
      <marc:datafield tag="100" ind1="1" ind2=" ">
         <marc:subfield code="a">Zhou, Yang</marc:subfield>
      </marc:datafield>
      <marc:datafield tag="670" ind1=" " ind2=" ">
         <marc:subfield code="a">The Effect of L2 Aptitude, Motivation and Anxiety on Chinese EFL College Learners' L2
         Speech Development / 2021.:</marc:subfield>
         <marc:subfield code="b">t.p. (The Effect of L2 Aptitude, Motivation and Anxiety on Chinese EFL College Learners' L2
         Speech Development /)</marc:subfield>
      </marc:datafield>
   </marc:record>