
   <marc:record>
      <marc:leader>     nam  22     Ki 4500</marc:leader>
      <marc:controlfield tag="008">100318n| acannaabn          |n aaa     c</marc:controlfield>
      <marc:datafield tag="040" ind1=" " ind2=" ">
         <marc:subfield code="a">FTaSU</marc:subfield>
         <marc:subfield code="b">eng</marc:subfield>
         <marc:subfield code="c">FTaSU</marc:subfield>
      </marc:datafield>
      <marc:datafield tag="100" ind1="1" ind2=" ">
         <marc:subfield code="a">Zhou, Shiyao</marc:subfield>
         <marc:subfield code="q">(Ashlee)</marc:subfield>
      </marc:datafield>
      <marc:datafield tag="670" ind1=" " ind2=" ">
         <marc:subfield code="a">The Dynamic Development of Student Engagement in the Second Language Classroom from a
         Self-Determination Theory Perspective / 2021.:</marc:subfield>
         <marc:subfield code="b">t.p. (The Dynamic Development of Student Engagement in the Second Language Classroom from a
         Self-Determination Theory Perspective /)</marc:subfield>
      </marc:datafield>
   </marc:record>